<?xml version="1.0" encoding="UTF-8"?><collection xmlns="http://www.loc.gov/MARC21/slim"><record><leader>00507nam--2200181-u-4500</leader><controlfield tag="001">000052228</controlfield><controlfield tag="002">20161230</controlfield><controlfield tag="005">20161230201050</controlfield><controlfield tag="008">100527s1000------------r-----000-0-rus-d</controlfield><datafield ind1=" " ind2=" " tag="040"><subfield code="a">IFIN-HH</subfield></datafield><datafield ind1=" " ind2=" " tag="041"><subfield code="a">rus</subfield></datafield><datafield ind1=" " ind2=" " tag="080"><subfield code="a">519.21:519.24:007</subfield></datafield><datafield ind1=" " ind2=" " tag="110"><subfield code="a">Itoghi nauki i tehniki</subfield></datafield><datafield ind1="1" ind2="0" tag="245"><subfield code="a">Teoria veroiatiostei matematiceskaia statistika. Teoreticeskaia kibernetika Tom 13</subfield></datafield><datafield ind1=" " ind2=" " tag="260"><subfield code="a">Moskva</subfield><subfield code="b">Itoghi nauki i tehniki</subfield><subfield code="c">1976</subfield></datafield><datafield ind1=" " ind2=" " tag="300"><subfield code="a">297 p</subfield></datafield><datafield ind1=" " ind2=" " tag="852"><subfield code="a">43642</subfield><subfield code="c">519.2</subfield></datafield><datafield ind1=" " ind2=" " tag="CAT"><subfield code="a">Sys</subfield><subfield code="c">20100527</subfield><subfield code="h">135557</subfield></datafield></record></collection>